<collection xmlns="http://www.loc.gov/MARC21/slim"><record><leader>01065nam  2200289   450</leader><controlfield tag="001">16658</controlfield><controlfield tag="003">http://montalegre.opacnet.com/OPAC/default.aspx?ContentAreaControl=ShowRegHoldings.ascx&amp;RegNo=16662</controlfield><controlfield tag="005">20</controlfield><datafield tag="010" ind1=" " ind2=" "><subfield code="a">972-695-368-5</subfield></datafield><datafield tag="021" ind1=" " ind2=" "><subfield code="a">PT</subfield><subfield code="b">140106/99</subfield></datafield><datafield tag="100" ind1=" " ind2=" "><subfield code="a">20140404d1999    m  y0pory01030103ba</subfield></datafield><datafield tag="101" ind1="1" ind2=" "><subfield code="a">por</subfield><subfield code="c">ita</subfield></datafield><datafield tag="102" ind1=" " ind2=" "><subfield code="a">PT</subfield></datafield><datafield tag="200" ind1="1" ind2=" "><subfield code="a">Sobre o conto de fadas</subfield><subfield code="f">Italo Calvino</subfield><subfield code="g">trad.: José Colaço Barreiros</subfield></datafield><datafield tag="210" ind1=" " ind2=" "><subfield code="a">Lisboa</subfield><subfield code="c">Teorema</subfield><subfield code="d">1999</subfield></datafield><datafield tag="215" ind1=" " ind2=" "><subfield code="a">158 p.</subfield><subfield code="d">24 cm</subfield></datafield><datafield tag="225" ind1="2" ind2=" "><subfield code="a">Tinta permanente</subfield></datafield><datafield tag="304" ind1=" " ind2=" "><subfield code="a">Tít. orig.: Sulla fiaba</subfield></datafield><datafield tag="606" ind1=" " ind2=" "><subfield code="a">Literatura italiana</subfield><subfield code="2">Autoridade</subfield><subfield code="3">PT-----------2013101715540005920</subfield></datafield><datafield tag="608" ind1=" " ind2=" "><subfield code="a">Ensaio</subfield><subfield code="2">Autoridade</subfield><subfield code="3">PT-----------2012071011260005390</subfield></datafield><datafield tag="608" ind1=" " ind2=" "><subfield code="a">Crítica literária</subfield><subfield code="2">Autoridade</subfield><subfield code="3">PT9999-00-10-2009040123590005384</subfield></datafield><datafield tag="675" ind1=" " ind2=" "><subfield code="a">82-4</subfield></datafield><datafield tag="675" ind1=" " ind2=" "><subfield code="a">82.09</subfield></datafield><datafield tag="700" ind1=" " ind2="1"><subfield code="a">Calvino</subfield><subfield code="b">Italo</subfield><subfield code="f">1923-1985</subfield><subfield code="2">Autoridade</subfield><subfield code="3">PT-----------2013103109440005951</subfield></datafield><datafield tag="702" ind1=" " ind2="1"><subfield code="a">Barreiros</subfield><subfield code="b">José Colaço</subfield><subfield code="f">1949-</subfield><subfield code="4">730</subfield></datafield><datafield tag="801" ind1=" " ind2="0"><subfield code="a">PT</subfield><subfield code="b">Biblioteca Municipal de Montalegre</subfield><subfield code="g">RPC</subfield></datafield><datafield tag="856" ind1=" " ind2=" "><subfield code="u">locateMedia.aspx?cod=20140404165723&amp;ext=jpg</subfield><subfield code="z">CAPA</subfield></datafield><datafield tag="909" ind1="&#9;" ind2=" "><subfield code="a">1</subfield></datafield><datafield tag="966" ind1=" " ind2=" "><subfield code="a">0015065</subfield><subfield code="l">BMM</subfield><subfield code="s">SCG 82.09 CAL sob</subfield></datafield></record></collection>